<record><leader>00000cas a22000007a 4500</leader><controlfield tag="001">10138067</controlfield><controlfield tag="008">831117d18051821pauwr ne      0    0eng d</controlfield><controlfield tag="009">3770</controlfield><datafield ind1=" " ind2=" " tag="010"><subfield code="a">sn 83025960 </subfield></datafield><datafield ind1=" " ind2=" " tag="040"><subfield code="a">NPV</subfield><subfield code="b">eng</subfield><subfield code="c">NPV</subfield><subfield code="d">NPY</subfield><subfield code="d">OCL</subfield><subfield code="d">NPH</subfield><subfield code="d">DLC</subfield><subfield code="d">NPX</subfield><subfield code="d">NPH</subfield><subfield code="d">MGN</subfield><subfield code="d">OCLCG</subfield></datafield><datafield ind1="1" ind2=" " tag="029"><subfield code="a">AU@</subfield><subfield code="b">000025818371</subfield></datafield><datafield ind1=" " ind2=" " tag="042"><subfield code="a">msc</subfield></datafield><datafield ind1=" " ind2=" " tag="045"><subfield code="a">w0w3</subfield></datafield><datafield ind1="0" ind2="0" tag="050"><subfield code="a">Newspaper 9375-X</subfield></datafield><datafield ind1=" " ind2=" " tag="052"><subfield code="a">3823</subfield><subfield code="b">C8</subfield></datafield><datafield ind1="0" ind2="4" tag="245"><subfield code="a">The Crawford weekly messenger.</subfield></datafield><datafield ind1="1" ind2="0" tag="246"><subfield code="a">Messenger</subfield></datafield><datafield ind1=" " ind2=" " tag="260"><subfield code="a">Meadville, Pa. :</subfield><subfield code="b">Printed by Atkinson &amp; Brendle,</subfield><subfield code="c">1805-1821.</subfield></datafield><datafield ind1=" " ind2=" " tag="300"><subfield code="a">v. ;</subfield><subfield code="c">43-52 cm.</subfield></datafield><datafield ind1=" " ind2=" " tag="310"><subfield code="a">Weekly</subfield></datafield><datafield ind1="0" ind2=" " tag="362"><subfield code="a">Vol. 1, no. 1 (Jan. 2, 1805)-v. 15, no. 757 (Feb. 6, 1821).</subfield></datafield><datafield ind1=" " ind2=" " tag="500"><subfield code="a">Published as: Messenger, Dec. 10, 1807-Jan. 28, 1808.</subfield></datafield><datafield ind1=" " ind2=" " tag="500"><subfield code="a">Imprint varies: Printed by Thomas Atkinson, 1805-1820; Printed by Thomas Atkinson &amp; Co., 1820-1821.</subfield></datafield><datafield ind1=" " ind2=" " tag="500"><subfield code="a">Republican.</subfield></datafield><datafield ind1="1" ind2=" " tag="700"><subfield code="a">Atkinson, Thomas,</subfield><subfield code="d">1787?-1837.</subfield></datafield><datafield ind1="1" ind2=" " tag="700"><subfield code="a">Brendle, William.</subfield></datafield><datafield ind1="1" ind2=" " tag="700"><subfield code="a">Buchanan, J.</subfield></datafield><datafield ind1=" " ind2=" " tag="752"><subfield code="a">United States</subfield><subfield code="b">Pennsylvania</subfield><subfield code="c">Crawford</subfield><subfield code="d">Meadville.</subfield></datafield></record>